<?xml version="1.0" encoding="UTF-8"?><record xmlns="http://www.loc.gov/MARC21/slim" xmlns:cinclude="http://apache.org/cocoon/include/1.0" xmlns:zs="http://www.loc.gov/zing/srw/">
  <leader>00591cz  a2200133n  4500</leader>
  <controlfield tag="001">n  95017274 </controlfield>
  <controlfield tag="003">DLC</controlfield>
  <controlfield tag="005">19950616155945.7</controlfield>
  <controlfield tag="008">950222n| acannaab|          |n aaa |||  </controlfield>
  <datafield tag="010" ind1=" " ind2=" ">
    <subfield code="a">n  95017274 </subfield>
    <subfield code="z">n  87834610 </subfield>
  </datafield>
  <datafield tag="040" ind1=" " ind2=" ">
    <subfield code="a">DLC</subfield>
    <subfield code="c">DLC</subfield>
    <subfield code="d">DLC</subfield>
  </datafield>
  <datafield tag="100" ind1="1" ind2="0">
    <subfield code="a">Alexander, James P.,</subfield>
    <subfield code="d">1925-</subfield>
  </datafield>
  <datafield tag="670" ind1=" " ind2=" ">
    <subfield code="a">Internships in communications, 1995:</subfield>
    <subfield code="b">CIP t.p. (James P. Alexander) CIP galley (Dr., prof. of communications emeritus, Calif. State Univ. at Fullerton; author of Programmed journalism writing)</subfield>
  </datafield>
  <datafield tag="670" ind1=" " ind2=" ">
    <subfield code="a">LC COHM file, 2-22-95</subfield>
    <subfield code="b">(hdg.: Alexander, James P., 1925- ; author of Programmed journalism writing)</subfield>
  </datafield>
</record>